@Misc{web:Simlib,
author = {Peringer, Petr},
title = {{SIMLIB/C++}},
howpublished = {online},
cited = {!2017-12-04},
url = {http://www.fit.vutbr.cz/~peringer/SIMLIB/},
}

@Misc{web:prednasky,
author = {Peringer, Petr \and Hrubý, Martin},
title = {Modelování a simulace},
howpublished = {online},
revised = {!2017-10-17},
cited = {!2017-12-04},
url = {https://www.fit.vutbr.cz/study/courses/IMS/public/prednasky/IMS.pdf},
}

@Misc{web:lion,
title = {LION PRODUCTS, s.r.o},
howpublished = {online},
cited = {!2017-12-04},
url = {http://lionproducts.eu/},}

@Misc{web:simlib_examples,
title = {Simple examples for SIMLIB/C++},
howpublished = {online},
cited = {!2017-12-04},
url = {http://www.fit.vutbr.cz/~peringer/SIMLIB/examples/},}

@Misc{web:hruby_soubory,
author = {Hrubý, Martin},
title = {Modelování a simulace - sdílené soubory},
howpublished = {online},
revised = {!2017-10-17},
cited = {!2017-12-04},
url = {http://perchta.fit.vutbr.cz/vyuka-ims/uploads/1/},
}
